@inproceedings{rebuffi,
	author = {Rebuffi, Sylvestre-Alvise and Kolesnikov, Alexander and Sperl, Georg and Lampert, Christoph H.},
	title = {iCaRL: Incremental Classifier and Representation Learning},
	booktitle = {The IEEE Conference on Computer Vision and Pattern Recognition (CVPR)},
	month = {July},
	year = {2017}
}
@inproceedings{hinton,
	title = {Distilling the Knowledge in a Neural Network},
	author  = {Geoffrey Hinton and Oriol Vinyals and Jeffrey Dean},
	year  = {2015},
	URL = {http://arxiv.org/abs/1503.02531},
	booktitle = {NIPS Deep Learning and Representation Learning Workshop}
}
@article{dataset,
  title={Convolutional deep belief networks on cifar-10},
  author={Krizhevsky, Alex and Hinton, G},
  journal={Unpublished manuscript},
  volume={40},
  pages={7},
  year={2010}
}
@incollection{jipan,
	title = {Deep Subspace Clustering Networks},
	author = {Ji, Pan and Zhang, Tong and Li, Hongdong and Salzmann, Mathieu and Reid, Ian},
	booktitle = {Advances in Neural Information Processing Systems 30},
	editor = {I. Guyon and U. V. Luxburg and S. Bengio and H. Wallach and R. Fergus and S. Vishwanathan and R. Garnett},
	pages = {24--33},
	year = {2017},
	publisher = {Curran Associates, Inc.},
	url = {http://papers.nips.cc/paper/6608-deep-subspace-clustering-networks.pdf}
}
@inproceedings{shmelkov,
  author = {Shmelkov, Konstantin and Schmid, Cordelia and Alahari, Karteek},
  title = {Incremental Learning of Object Detectors Without Catastrophic Forgetting},
  booktitle = {The IEEE International Conference on Computer Vision (ICCV)},
  month = {Oct},
  year = {2017}
}
@article{adam,
  title={Adam: A method for stochastic optimization},
  author={Kingma, Diederik P and Ba, Jimmy},
  journal={arXiv preprint arXiv:1412.6980},
  year={2014}
}
@article{squeezenet,
  author    = {Forrest N. Iandola and Matthew W. Moskewicz and Khalid Ashraf and Song Han and William J. Dally and Kurt Keutzer},
  title     = {SqueezeNet: AlexNet-level accuracy with 50x fewer parameters and {\textless}1MB model size},
  journal   = {CoRR},
  volume    = {abs/1602.07360},
  year      = {2016},
  url       = {http://arxiv.org/abs/1602.07360},
  archivePrefix = {arXiv},
  eprint    = {1602.07360},
  timestamp = {Wed, 07 Jun 2017 14:42:50 +0200},
  biburl    = {https://dblp.org/rec/bib/journals/corr/IandolaMAHDK16},
  bibsource = {dblp computer science bibliography, https://dblp.org}
}
@article{finetune,
  author    = {Ross B. Girshick and
               Jeff Donahue and
               Trevor Darrell and
               Jitendra Malik},
  title     = {Rich feature hierarchies for accurate object detection and semantic
               segmentation},
  journal   = {CoRR},
  volume    = {abs/1311.2524},
  year      = {2013},
  url       = {http://arxiv.org/abs/1311.2524},
  archivePrefix = {arXiv},
  eprint    = {1311.2524},
  timestamp = {Wed, 07 Jun 2017 14:43:00 +0200},
  biburl    = {https://dblp.org/rec/bib/journals/corr/GirshickDDM13},
  bibsource = {dblp computer science bibliography, https://dblp.org}
}
@incollection{chomsky,
  title={Catastrophic interference in connectionist networks: The sequential learning problem},
  author={McCloskey, Michael and Cohen, Neal J},
  booktitle={Psychology of learning and motivation},
  volume={24},
  pages={109--165},
  year={1989},
  publisher={Elsevier}
}
@Misc{cancer,
  howpublished = {\url{https://www.kaggle.com/c/data-science-bowl-2017}},
  note = {Accesed April 28, 2018},
  title = {Data Science Bowl 2017},
  author = {Kaggle},
  year = {2018}
}
@inproceedings{imagenet,
  AUTHOR = {Deng, J. and Dong, W. and Socher, R. and Li, L.-J. and Li, K. and Fei-Fei, L.},
  TITLE = {{ImageNet: A Large-Scale Hierarchical Image Database}},
  BOOKTITLE = {CVPR09},
  YEAR = {2009},
  BIBSOURCE = "http://www.image-net.org/papers/imagenet_cvpr09.bib"
}
@inproceedings{alexnet,
  title={Imagenet classification with deep convolutional neural networks},
  author={Krizhevsky, Alex and Sutskever, Ilya and Hinton, Geoffrey E},
  booktitle={Advances in neural information processing systems},
  pages={1097--1105},
  year={2012}
}
@article{vgg,
  author    = {Karen Simonyan and Andrew Zisserman},
  title     = {Very Deep Convolutional Networks for Large-Scale Image Recognition},
  journal   = {CoRR},
  volume    = {abs/1409.1556},
  year      = {2014},
  url       = {http://arxiv.org/abs/1409.1556},
  archivePrefix = {arXiv},
  eprint    = {1409.1556},
  timestamp = {Wed, 07 Jun 2017 14:41:51 +0200},
  biburl    = {https://dblp.org/rec/bib/journals/corr/SimonyanZ14a},
  bibsource = {dblp computer science bibliography, https://dblp.org}
}
@inproceedings{googlenet,
title = {Going Deeper with Convolutions},
author  = {Christian Szegedy and Wei Liu and Yangqing Jia and Pierre Sermanet and Scott Reed and Dragomir Anguelov and Dumitru Erhan and Vincent Vanhoucke and Andrew Rabinovich},
year  = {2015},
URL = {http://arxiv.org/abs/1409.4842},
booktitle = {Computer Vision and Pattern Recognition (CVPR)}
}
@inproceedings{resnet,
author = {He, Kaiming and Zhang, Xiangyu and Ren, Shaoqing and Sun, Jian},
title = {Deep Residual Learning for Image Recognition},
booktitle = {The IEEE Conference on Computer Vision and Pattern Recognition (CVPR)},
month = {June},
year = {2016}
}
@inproceedings{densenet,
  title={Densely connected convolutional networks},
  author={Huang, Gao and Liu, Zhuang and Weinberger, Kilian Q and van der Maaten, Laurens},
  booktitle={Proceedings of the IEEE conference on computer vision and pattern recognition},
  year={2017}
}
@article{vanishing,
  title={The vanishing gradient problem during learning recurrent neural nets and problem solutions},
  author={Hochreiter, Sepp},
  journal={International Journal of Uncertainty, Fuzziness and Knowledge-Based Systems},
  volume={6},
  number={02},
  pages={107--116},
  year={1998},
  publisher={World Scientific}
}
@article{exploding,
  title={Understanding the exploding gradient problem},
  author={Pascanu, Razvan and Mikolov, Tomas and Bengio, Yoshua},
  journal={CoRR, abs/1211.5063},
  year={2012}
}
@article{entropy,
  title={Axiomatic derivation of the principle of maximum entropy and the principle of minimum cross-entropy},
  author={Shore, John and Johnson, Rodney},
  journal={IEEE Transactions on information theory},
  volume={26},
  number={1},
  pages={26--37},
  year={1980},
  publisher={IEEE}
}
@article{rms,
  title={Generating sequences with recurrent neural networks},
  author={Graves, Alex},
  journal={arXiv preprint arXiv:1308.0850},
  year={2013}
}
@inproceedings{sgd,
  title={On the importance of initialization and momentum in deep learning},
  author={Sutskever, Ilya and Martens, James and Dahl, George and Hinton, Geoffrey},
  booktitle={International conference on machine learning},
  pages={1139--1147},
  year={2013}
}
@article{near,
  title={Distance-based image classification: Generalizing to new classes at near-zero cost},
  author={Mensink, Thomas and Verbeek, Jakob and Perronnin, Florent and Csurka, Gabriela},
  journal={IEEE transactions on pattern analysis and machine intelligence},
  volume={35},
  number={11},
  pages={2624--2637},
  year={2013},
  publisher={IEEE}
}